@InProceedings{inst:package,
  author = 	 {Reinhard Kotucha and Siep Kroonenberg and Norbert Preining},
  title = 	 {A new Installer for {\TeX} Live},
  booktitle = {Proceedings of the BachoTeX~2008},
  year = 	 2008,
  month = 	 {April},
  publisher = {GUST}}

@Article{at:2007-4-069-preining,
  author =   {Norbert Preining},
  title =    {{\TeX\ Live's} new infrastructure},
  journal =      {Ars\TeX nica},
  year =     2007,
  number =   4,
  pages =    {69-73},
  month =    {Ottobre},
  language=      {italian},
  issn=          {1828-2350},
  url=           {http://www.guit.sssup.it/arstexnica.php}
}


@Misc{tlmgr-manpage,
  key = {tlmgr},
  title = 	 {Online Version der tlmgr Dokumentation},
  howpublished = {\url{http://www.tug.org/texlive/doc/tlmgr.html}}}

